@BOOK{REF:1,
AUTHOR="Tejvan Pettinger",
TITLE = "\href{http://www.economicshelp.org/blog/glossary/definition-of-the-housing-market}{Definition of the housing market}",
PUBLISHER="Economics Help",
YEAR="2015",},

@BOOK{REF:2,
AUTHOR="Sunil Ray",
TITLE = "\href{https://www.analyticsvidhya.com/blog/2015/08/comprehensive-guide-regression}{7 Types of Regression Techniques you should know!}",
PUBLISHER="Analytics Vidhya",
YEAR="2015",},

@BOOK{REF:3,
AUTHOR="",
TITLE = "\href{https://en.wikipedia.org/wiki/Random_forest}{Random forest}",
PUBLISHER="Wikipedia",
YEAR="",},

@BOOK{REF:4,
AUTHOR="",
TITLE = "\href{https://en.wikipedia.org/wiki/Gradient_boosting}{Gradient boosting}",
PUBLISHER="Wikipedia",
YEAR="",},

@BOOK{REF:5,
AUTHOR="",
TITLE = "\href{https://en.wikipedia.org/wiki/Feature_extraction}{Feature extraction}",
PUBLISHER="Wikipedia",
YEAR="",},

@BOOK{REF:6,
AUTHOR="Debarati Dutta",
TITLE = "\href{https://www.analyticsvidhya.com/blog/2016/03/select-important-variables-boruta-package/}{How to perform feature selection (i.e. pick important variables) using Boruta Package in R?}",
PUBLISHER="Analytics Vidhya",
YEAR="2016",},

@BOOK{REF:7,
AUTHOR="Miron B. Kursa, Witold R. Rudnicki",
TITLE = "\href{https://www.jstatsoft.org/article/view/v036i11/v36i11.pdf}{Feature Selection with the Boruta Package}",
PUBLISHER="Journal of Statistical Software",
YEAR="2010",},

@BOOK{REF:8,
AUTHOR="",
TITLE = "\href{https://www.kaggle.com/c/house-prices-advanced-regression-techniques/data}{Data - House Prices: Advanced Regression Techniques}",
PUBLISHER="Kaggle",
YEAR="2016",}