@BOOK{REF:1,
AUTHOR="Victor Lavrenko",
TITLE = "\href{https://www.youtube.com/watch?v=pM6DJ0ZZee0}{Mean Average Precision}",
PUBLISHER="Youtube",
YEAR="2014",},

@BOOK{REF:2,
AUTHOR="Mikel Bober",
TITLE = "\href{https://www.kaggle.com/wiki/MeanAveragePrecision}{Mean Average Precision}",
PUBLISHER="Kaggle",
YEAR="2016",},

@BOOK{REF:3,
AUTHOR="",
TITLE = "\href{https://www.kaggle.com/c/outbrain-click-prediction/details/evaluation}{Outbrain Click Prediction: Evaluation}",
PUBLISHER="Kaggle",
YEAR="2016",},

@BOOK{REF:4,
AUTHOR="",
TITLE = "\href{https://en.wikipedia.org/wiki/Regularization_(mathematics)}{Regularization (mathematics)}",
PUBLISHER="Wikipedia",
YEAR="",},

@BOOK{REF:5,
AUTHOR="",
TITLE = "\href{https://en.wikipedia.org/wiki/Behavioral_targeting}{Behavioral targeting}",
PUBLISHER="Wikipedia",
YEAR="",},

@BOOK{REF:6,
AUTHOR="",
TITLE = "\href{https://www.kaggle.com/c/outbrain-click-prediction}{Outbrain Click Prediction}",
PUBLISHER="Kaggle",
YEAR="2016",},

@BOOK{REF:7,
AUTHOR="",
TITLE = "\href{https://www.kaggle.com/c/outbrain-click-prediction/data}{Data - Outbrain Click Prediction}",
PUBLISHER="Kaggle",
YEAR="2016",}